<record><leader>00000cas a22000007a 4500</leader><controlfield tag="001">12864334</controlfield><controlfield tag="008">851203d18701870iauwr ne      0    0eng d</controlfield><datafield ind1=" " ind2=" " tag="010"><subfield code="a">sn 85049844 </subfield></datafield><datafield ind1=" " ind2=" " tag="040"><subfield code="a">INP</subfield><subfield code="b">eng</subfield><subfield code="c">INP</subfield><subfield code="d">OCLCQ</subfield></datafield><datafield ind1=" " ind2=" " tag="042"><subfield code="a">msc</subfield></datafield><datafield ind1="0" ind2=" " tag="130"><subfield code="a">Council Bluffs bugle (Council Bluffs, Iowa : 1870)</subfield></datafield><datafield ind1="1" ind2="0" tag="245"><subfield code="a">Council Bluffs bugle.</subfield></datafield><datafield ind1="1" ind2="3" tag="246"><subfield code="a">Weekly bugle</subfield></datafield><datafield ind1=" " ind2=" " tag="260"><subfield code="a">Council Bluffs, Iowa :</subfield><subfield code="b">C.H. Babbitt,</subfield><subfield code="c">1870-</subfield></datafield><datafield ind1=" " ind2=" " tag="300"><subfield code="a">v. :</subfield><subfield code="b">ill. (chiefly advertisements)</subfield></datafield><datafield ind1=" " ind2=" " tag="310"><subfield code="a">Weekly</subfield></datafield><datafield ind1="0" ind2=" " tag="362"><subfield code="a">New ser., vol. 1, no. 1 (Jan. 6, 1870)- = Old ser., vol. 19, no. 30-</subfield></datafield><datafield ind1="1" ind2=" " tag="362"><subfield code="a">Ceased with July 8, 1870 issue.</subfield><subfield code="z">Cf. Bibl. of Iowa newspapers.</subfield></datafield><datafield ind1=" " ind2=" " tag="500"><subfield code="a">"Truth, tho' crushed, shall rise again."</subfield></datafield><datafield ind1=" " ind2=" " tag="500"><subfield code="a">Editor: L.W. Babbitt.</subfield></datafield><datafield ind1=" " ind2=" " tag="752"><subfield code="a">United States</subfield><subfield code="b">Iowa</subfield><subfield code="c">Pottawattamie</subfield><subfield code="d">Council Bluffs.</subfield></datafield><datafield ind1="0" ind2=" " tag="775"><subfield code="t">Council Bluffs evening bugle</subfield><subfield code="w">(DLC)sn 86063076</subfield></datafield><datafield ind1="0" ind2="0" tag="780"><subfield code="t">Council Bluffs weekly bugle</subfield><subfield code="w">(DLC)sn 85049843</subfield></datafield><datafield ind1="1" ind2=" " tag="029"><subfield code="a">AU@</subfield><subfield code="b">000025785564</subfield></datafield></record>